<record><leader>00000cas a2200000 a 4500</leader><controlfield tag="001">9735521</controlfield><controlfield tag="008">830725d18031826vtuwr ne      0   a0eng c</controlfield><datafield ind1=" " ind2=" " tag="010"><subfield code="a">sn 83025665 </subfield></datafield><datafield ind1=" " ind2=" " tag="040"><subfield code="a">NPV</subfield><subfield code="b">eng</subfield><subfield code="c">NPV</subfield><subfield code="d">NPX</subfield><subfield code="d">NPU</subfield><subfield code="d">DLC</subfield><subfield code="d">NPA</subfield><subfield code="d">YOX</subfield><subfield code="d">KNP</subfield><subfield code="d">MGN</subfield><subfield code="d">NVN</subfield><subfield code="d">OBN</subfield><subfield code="d">OCL</subfield><subfield code="d">NVN</subfield><subfield code="d">NYS</subfield><subfield code="d">KRTAS</subfield><subfield code="d">DLC</subfield><subfield code="d">OCLCQ</subfield><subfield code="d">OCLCA</subfield><subfield code="d">OCLCF</subfield></datafield><datafield ind1="1" ind2=" " tag="029"><subfield code="a">AU@</subfield><subfield code="b">000020404802</subfield></datafield><datafield ind1=" " ind2=" " tag="042"><subfield code="a">pcc</subfield></datafield><datafield ind1=" " ind2=" " tag="043"><subfield code="a">n-us-vt</subfield></datafield><datafield ind1=" " ind2=" " tag="045"><subfield code="a">w0w2</subfield></datafield><datafield ind1="0" ind2="0" tag="050"><subfield code="a">Newspaper</subfield></datafield><datafield ind1=" " ind2=" " tag="052"><subfield code="a">3753</subfield><subfield code="b">W4</subfield></datafield><datafield ind1="0" ind2=" " tag="130"><subfield code="a">Reporter (Brattleboro, Vt. : 1803)</subfield></datafield><datafield ind1="1" ind2="4" tag="245"><subfield code="a">The reporter.</subfield></datafield><datafield ind1="1" ind2=" " tag="246"><subfield code="i">Issues for Mar. 4-&lt;July 22, 1811&gt; called:</subfield><subfield code="a">Brattleborough reporter</subfield></datafield><datafield ind1="3" ind2=" " tag="246"><subfield code="a">Brattleboro reporter</subfield></datafield><datafield ind1=" " ind2=" " tag="260"><subfield code="a">Brattleborough [Vt.] :</subfield><subfield code="b">William Fessenden,</subfield><subfield code="c">1803-1826.</subfield></datafield><datafield ind1=" " ind2=" " tag="300"><subfield code="a">v. ;</subfield><subfield code="c">47-51 cm.</subfield></datafield><datafield ind1=" " ind2=" " tag="310"><subfield code="a">Weekly</subfield></datafield><datafield ind1="0" ind2=" " tag="362"><subfield code="a">Vol. 1, no. 1 (Feb. 21, 1803).</subfield></datafield><datafield ind1="1" ind2=" " tag="362"><subfield code="a">Ceased in 1826.</subfield></datafield><datafield ind1=" " ind2=" " tag="500"><subfield code="a">Motto: "'Sit mihi fas audita loqui.'--'Waht I have heard, permit me to relate.'"</subfield></datafield><datafield ind1=" " ind2=" " tag="515"><subfield code="a">Suspended &lt;Mar.&gt;-May 2,1812.</subfield></datafield><datafield ind1=" " ind2=" " tag="530"><subfield code="a">Available on microfilm from Readex Microprint Corp. as part of the Early American newspapers series.</subfield></datafield><datafield ind1=" " ind2="0" tag="651"><subfield code="a">Brattleboro (Vt.)</subfield><subfield code="v">Newspapers.</subfield></datafield><datafield ind1=" " ind2="0" tag="651"><subfield code="a">Windham County (Vt.)</subfield><subfield code="v">Newspapers.</subfield></datafield><datafield ind1=" " ind2="0" tag="651"><subfield code="a">Vermont</subfield><subfield code="v">Newspapers.</subfield></datafield><datafield ind1=" " ind2="7" tag="655"><subfield code="a">Newspapers.</subfield><subfield code="2">fast</subfield><subfield code="0">(OCoLC)fst01423814</subfield></datafield><datafield ind1=" " ind2="7" tag="651"><subfield code="a">Vermont.</subfield><subfield code="2">fast</subfield><subfield code="0">(OCoLC)fst01204305</subfield></datafield><datafield ind1=" " ind2="7" tag="651"><subfield code="a">Vermont</subfield><subfield code="z">Brattleboro.</subfield><subfield code="2">fast</subfield><subfield code="0">(OCoLC)fst01225010</subfield></datafield><datafield ind1=" " ind2="7" tag="651"><subfield code="a">Vermont</subfield><subfield code="z">Windham County.</subfield><subfield code="2">fast</subfield><subfield code="0">(OCoLC)fst01225039</subfield></datafield><datafield ind1=" " ind2=" " tag="752"><subfield code="a">United States</subfield><subfield code="b">Vermont</subfield><subfield code="c">Windham</subfield><subfield code="d">Brattleboro.</subfield></datafield><datafield ind1="0" ind2="4" tag="785"><subfield code="t">Brattleboro' messenger, and farmers' and manufacturers' publick journal</subfield><subfield code="w">(DLC)sn 84022869</subfield><subfield code="w">(OCoLC)10623502</subfield></datafield><datafield ind1=" " ind2=" " tag="938"><subfield code="a">Kirtas Technologies, Inc.</subfield><subfield code="b">KRTS</subfield><subfield code="n">737150</subfield></datafield></record>